@book {MR1340426,
    AUTHOR = {Kolman, Bernard and Beck, Robert E.},
     TITLE = {Elementary linear programming with applications},
    SERIES = {Computer Science and Scientific Computing},
   EDITION = {Second},
      NOTE = {With 1 IBM-PC floppy disk (3.5 inch; HD)},
 PUBLISHER = {Academic Press, Inc., San Diego, CA},
      YEAR = {1995},
     PAGES = {xxii+449},
      ISBN = {0-12-417910-X},
   MRCLASS = {90-01 (65K05 90C05)},
  MRNUMBER = {1340426},
MRREVIEWER = {N.\ I.\ Yanev},
}

@book {MR2061575,
    AUTHOR = {Boyd, Stephen and Vandenberghe, Lieven},
     TITLE = {Convex optimization},
 PUBLISHER = {Cambridge University Press, Cambridge},
      YEAR = {2004},
     PAGES = {xiv+716},
      ISBN = {0-521-83378-7},
   MRCLASS = {90-01 (90C05 90C25 90C46 90C51)},
  MRNUMBER = {2061575},
MRREVIEWER = {Dan\ Butnariu},
       DOI = {10.1017/CBO9780511804441},
       URL = {https://doi.org/10.1017/CBO9780511804441},
}

@book {MR874114,
    AUTHOR = {Schrijver, Alexander},
     TITLE = {Theory of linear and integer programming},
    SERIES = {Wiley-Interscience Series in Discrete Mathematics},
      NOTE = {A Wiley-Interscience Publication},
 PUBLISHER = {John Wiley \& Sons, Ltd., Chichester},
      YEAR = {1986},
     PAGES = {xii+471},
      ISBN = {0-471-90854-1},
   MRCLASS = {90C05 (90C10)},
  MRNUMBER = {874114},
MRREVIEWER = {J\"urgen\ K\"ohler},
}