@misc{NSF,
	author={{National Science Foundation}},
	title={{The President's National Medal of Science: Recipient Details}}, 
	howpublished={\url{https://www.nsf.gov/od/nms/recip_details.jsp?recip_id=95}},
	note={Accessed: 2024-09-08.},
}

@misc{SimplexMethod,
  author = {Danzig, George B.},
  title = {Inductive proof of the simplex method},
  howpublished = {\url{https://apps.dtic.mil/sti/tr/pdf/AD0224306.pdf}},
  year = {1960},
}